@string{jacs = "Journal of the American Chemical Society"}
@string{jsr   = "Journal of Synchrotron Radiation"}
@string{prb  = "Physical Review B"}
@string{rmp  = "Reviews of Modern Physics"}
@string{ny   = "New York"}

@string{jjap = "Japanese Journal of Applied Physics"}
@string{jap  = "Journal of Applied Physics"}
@string{jchemp = "Journal of Chemical Physics"}
@string{jphysc = "Journal of Physics C"}
@string{nim  = "Nuclear Instruments and Methods"}
@string{physb = "Physica B"}
@string{pr   = "Physical Review"}
@string{prl  = "Physical Review Letters"}
@string{chemanal = "Chemical Analysis"}
@string{xbible = "{X-ray Absorption: Principles, Applications,
                  Techniques of {EXAFS}, {SEXAFS}, and {XANES}}"}

@Misc{xafsorg,
  title =  {XAFS.org},
  year  = 2003,
  key = {XAFS.org},
  howpublished = {\url{http://xafs.org}}}

@Misc{ixasportal,
  title =  {International X-ray Absorption Society},
  key  =  {IXAS},
  year = 2012,
  howpublished = {\url{http://www.ixasportal.net/}}}

@article{ATOMS,
  author = {B. Ravel},
  title =  {ATOMS: Crystallography for the X-ray Absorption Spectroscopist},
  journal = jsr,
  volume = 8,
  pages = {314--316},
  year =  {2001},
}

@article{NewvilleBoyanov,
   author    = {M. Newville and B. Boyanov and D. E. Sayers},
   title     = {{Estimation of uncertainties in XAFS data}},
   journal   = jsr,
   volume    = 6,
   pages     = {264--265},
   year      = {1999}
}

@article{StandCrit,
   author    = {F. W. Lytle and D. E. Sayers and E. A. Stern},
   title     = {Report on the International Workshop on Standards and
       Criteria in X-ray Absorption Spectroscopies},
   journal   = {Physica B},
   pages     = {701--722},
   year      = 1989,
   volume    = 158
}

@article{Stern93,
   author    = {E. A. Stern},
   title     = {Number of relevant independent points in
       X-ray-absorption fine-structure spectra},
   journal   = prb,
   pages     = {9825--9827},
   year      = 1993,
   volume    = 48,
   number    = 13
}

@article{ifeffit,
Author = {Newville, M},
Title = {{IFEFFIT: interactive XAFS analysis and FEFF fitting}},
Journal = jsr,
Year = 2001,
Volume = 8,
Pages = {322--324},
}

@inproceedings{Stern1988,
   author    = {E. A. Stern},
   editor    = {D. C. Koningsberger and R. Prins},
   title     = {Principles of EXAFS},
   booktitle = xbible,
   pages     = 1,
   year      = 1988,
   publisher = {John Wiley \& Sons},
   address   = ny,
   volume    = 92,
   series    = chemanal
}


@book{Teo1986,
  title={EXAFS: basic principles and data analysis},
  author={Teo, B.K.},
  isbn={9783540158332},
  lccn={lc86001811},
  series={Inorganic chemistry concepts},
  year={1986},
  publisher={Springer-Verlag}
}

@book{Calvin2013,
  author =  "S. Calvin",
  title =  "{XAFS for Everyone}",
  publisher =  "CRC Press",
  year =  2013,
}

@book{GBunker2010,
  author =  "G. Bunker",
  title =  "{Introduction to XAFS: A Practical Guide to X-ray Absorption Fine Structure Spectroscopy}",
  publisher =  "Cambridge University Press",
  year =  2010,
}

@article{RehrAlbersRMP2000,
  author = {J. J. Rehr and R. C. Albers},
  title  = {Theoretical approaches to x-ray absorption
                 fine-structure},
  journal= rmp,
  year   = 2000,
  volume = 72,
  number = 3,
  pages  = {621--654},
}

@book{KoningsbergerPrins1988,
  author =  {D. C. Koningsberger and R. Prins},
  title =  "{X-ray Absorption: Principles, Applications,
            Techniques of {EXAFS}, {SEXAFS}, and {XANES}}",
  year =  1988,
  publisher =  {John Wiley \& Sons},
  address =  ny,
  volume =  92,
  series =  "Chemical Analysis"}


@inproceedings{SternHeald1983,
   author = {E. A. Stern and S. M. Heald},
   editor = {E. E. Koch},
   title = "{Principles and Applications of EXAFS}",
   booktitle = "{Handbook of Synchrotron Radiation}",
   pages = {995--1014},
   publisher = "North-Holland",
   year = 1983
}

@book{AlsNielson2001,
   title = "{Elements of Modern X-ray Physics}",
   author = {J.~Als-Nielsen and  D.~McMorrow},
   publisher = {John Wiley \& Sons},
   year = 2001,
}

@inproceedings{Kelly2008,
   author = {S. D. Kelly and D. Hesterberg and B. Ravel},
   editor = {A. L. Ulery and L. R. Drees},
   title = "{Analysis of Soils and Minerals using X-ra Absorption  Spectrocopy}",
   booktitle = "{Methods of Soil Analysis Part 5 - Mineralogical Methods}",
   publisher = "Soil Science Society of America",
   year = 2008
}

@article{horae,
Author = {Ravel, B and Newville, M},
Title = {{ATHENA, ARTEMIS, HEPHAESTUS: data analysis for X-ray absorption
   spectroscopy using IFEFFIT}},
Journal = jsr,
Year = {{2005}},
Volume = {{12}},
Pages = {{537-541}},
}

@article{feffit,
Author = {Newville, M},
Title = {{EXAFS analysis using FEFF and FEFFIT}},
Journal = {Journal of Synchrotron Radiation},
Year = {{2001}},
Volume = {{8}},
Pages = {{96-100}},
}

@article{gnxas,
  author =  {A Filipponi and A.~{Di Cicco} and C. R. Natoli},
  title  = {X-ray-absorption spectroscopy and n-body distribution
            functions in condensed matter .1. Theory},
  journal=  prb,
  pages  =  {15122--15134},
  year   =  {1995},
  volume =  {52}
}

@article{feff6,
   author    = {J. J. Rehr and J.~{Mustre~de~Leon} and S. I. Zabinsky and R. C. Albers},
   title     = {Theoretical x-ray absorption fine structure standards},
   journal   = jacs,
   pages     = {5135--5140},
   year      = 1991,
   volume    = 113,
   number    = 14
}


@article{autobk,
  author =  {M. Newville and P. Livins and Y. Yacoby and J. J. Rehr and E. A. Stern},
  title =  {{Near-edge x-ray-absorption fine structure of Pb: A
                  comparison of theory and experiment}},
  journal =  prb,
  pages =  {14126--14131},
  year =  1993,
  volume =  47,
  number =  21
}

@article{NewvilleRIMG2013,
  author =  {M. Newville},
  title =  {{Fundamentals of XAFS}},
  journal={Reviews in Mineralogy and Geochemistry},
  pages =  {in press},
  year =  2013,
  volume =  78,
}


@article{GBunker83,
  author =  {G. Bunker},
  title  =  {Application of the ratio method of {EXAFS} analysis to
                  disordered systems},
  journal=  nim,
  pages  =  {437--444},
  year   =  {1983},
  volume =  {207}
}

@article{Krappe&Rossner2000,
   author    = {H. J. Krappe and H. H. Rossner},
   title     = {{Error analysis in XAFS measurements}},
   journal   = prb,
   pages     = {6596-6610},
   year      = {2000},
   volume    = 61,
   number    = 10
}


@article{BrownRIMG1988,
  title={X-ray absorption spectroscopy; applications in mineralogy and geochemistry},
  author={G.~E. Brown and G. Calas and G.~A. Waychunas and J. Petiau},
  journal={Reviews in Mineralogy and Geochemistry},
  volume={18},
  number={1},
  pages={431--512},
  year={1988},
}

@article{SuttonRIMG2002,
Author = {S.~R. Sutton and P.~M. Bertsch and M. Newville and M. Rivers and A. Lanzirotti
   and P.  Eng},
Title = {{Microfluorescence and microtomography analyses of heterogeneous earth
   and environmental materials}},
journal = {Reviews in Mineralogy and Geochemistry},
Year = {{2002}},
Volume = {{49}},
Pages = {{429-483}},
}


@article{ManceauRIMG2002,
Author = {A. Manceau and M.~A. Marcus and N. Tamura},
Title = {{Quantitative speciation of heavy metals in soils and sediments by
   synchrotron X-ray techniques}},
journal = {Reviews in Mineralogy and Geochemistry},
Year = {{2002}},
Volume = {{49}},
Pages = {{341-428}},
}

@article{BoothBridges2005,
   author    = {C. H. Booth and F. Bridges},
   title     = {Improved Self-Absorption Correction for
                Fluorescence Measurements of Extended X-Ray
                Absorption Fine-Structure},
   journal   = "Physica Scripta",
   pages     = {202--204},
   year      = {2005},
   volume    = {T115},
}

@article{Pfalzer1999,
   author    = {P. Pfalzer and  J.~P. Urbach and  M.~Klemm and S.~Horn
               and M.~L.~{denBoer} and A.~I.~Frenkel and J.~P.~Kirkland},
   title     = {Elimination of self-absorption in fluorescence
                 hard-x-ray absorption spectra},
   journal   = prb,
   pages     = {9335--9339},
   year      = {1999},
   volume    = {60},
}





